@article{towns2010developing,
  title={Developing learning objectives and assessment plans at a variety of institutions: Examples and case studies},
  author={Towns, Marcy H},
  journal={Journal of chemical education},
  volume={87},
  number={1},
  pages={91--96},
  year={2010},
  publisher={ACS Publications}
}

@book{marzano2006new,
  title={The new taxonomy of educational objectives},
  author={Marzano, Robert J and Kendall, John S},
  year={2006},
  publisher={Corwin Press}
}

@article{toledo2016encouraging,
  title={Encouraging higher-order thinking in general chemistry by scaffolding student learning using Marzanoâ€™s taxonomy},
  author={Toledo, Santiago and Dubas, Justin M},
  journal={Journal of chemical education},
  volume={93},
  number={1},
  pages={64--69},
  year={2016},
  publisher={ACS Publications}
}

@article{toledo2017learner,
  title={A learner-centered grading method focused on reaching proficiency with course learning outcomes},
  author={Toledo, Santiago and Dubas, Justin M},
  journal={Journal of Chemical Education},
  volume={94},
  number={8},
  pages={1043--1050},
  year={2017},
  publisher={ACS Publications}
}